<record><leader>00000cas a22000007a 4500</leader><controlfield tag="001">12257312</controlfield><controlfield tag="008">850712c18839999iauwr ne      0    0eng d</controlfield><datafield ind1=" " ind2=" " tag="010"><subfield code="a">sn 85049677 </subfield></datafield><datafield ind1=" " ind2=" " tag="040"><subfield code="a">INP</subfield><subfield code="b">eng</subfield><subfield code="c">INP</subfield><subfield code="d">OCLCQ</subfield></datafield><datafield ind1=" " ind2=" " tag="042"><subfield code="a">msc</subfield></datafield><datafield ind1="0" ind2=" " tag="130"><subfield code="a">Malvern leader (Malvern, Iowa : 1883)</subfield></datafield><datafield ind1="1" ind2="4" tag="245"><subfield code="a">The Malvern leader.</subfield></datafield><datafield ind1="1" ind2="3" tag="246"><subfield code="a">Leader</subfield></datafield><datafield ind1=" " ind2=" " tag="260"><subfield code="a">Malvern, Mills County, Iowa :</subfield><subfield code="b">Hunter &amp; Brown,</subfield><subfield code="c">1883-</subfield></datafield><datafield ind1=" " ind2=" " tag="300"><subfield code="a">v.</subfield></datafield><datafield ind1=" " ind2=" " tag="310"><subfield code="a">Weekly</subfield></datafield><datafield ind1="0" ind2=" " tag="362"><subfield code="a">Vol. 9, no. 10 (Nov. 15, 1883)-</subfield></datafield><datafield ind1=" " ind2=" " tag="500"><subfield code="a">Special 75th anniversary issue published as v. 75, no. 13 (Sept. 22, 1949).</subfield></datafield><datafield ind1=" " ind2=" " tag="500"><subfield code="a">Publisher varies.</subfield></datafield><datafield ind1=" " ind2=" " tag="752"><subfield code="a">United States</subfield><subfield code="b">Iowa</subfield><subfield code="c">Mills</subfield><subfield code="d">Malvern.</subfield></datafield><datafield ind1="0" ind2="0" tag="780"><subfield code="t">Malvern Republican leader</subfield><subfield code="w">(DLC)sn 87057429</subfield></datafield></record>